<record><leader>00000cas a2200000 a 4500</leader><controlfield tag="001">12201474</controlfield><controlfield tag="008">850626d19121913ksucr ne      0    0eng d</controlfield><datafield ind1=" " ind2=" " tag="010"><subfield code="a">sn 85029649 </subfield></datafield><datafield ind1=" " ind2=" " tag="040"><subfield code="a">KSH</subfield><subfield code="b">eng</subfield><subfield code="c">KSH</subfield><subfield code="d">NPT</subfield><subfield code="d">OCL</subfield><subfield code="d">OCLCQ</subfield></datafield><datafield ind1=" " ind2=" " tag="042"><subfield code="a">msc</subfield></datafield><datafield ind1="0" ind2="0" tag="245"><subfield code="a">Free press-public opinion.</subfield></datafield><datafield ind1=" " ind2=" " tag="260"><subfield code="a">Osage City, Kan. :</subfield><subfield code="b">H.C. Sticher,</subfield><subfield code="c">1912-1913.</subfield></datafield><datafield ind1=" " ind2=" " tag="300"><subfield code="a">1 v. :</subfield><subfield code="b">ill. ;</subfield><subfield code="c">66 cm.</subfield></datafield><datafield ind1=" " ind2=" " tag="310"><subfield code="a">Semiweekly,</subfield><subfield code="b">Feb. 4-26, 1913</subfield></datafield><datafield ind1=" " ind2=" " tag="321"><subfield code="a">3 times a week,</subfield><subfield code="b">July 1, 1912-Jan. 30, 1913</subfield></datafield><datafield ind1="0" ind2=" " tag="362"><subfield code="a">Vol. 43, no. 1 (July 1, 1912)-v. 43, no. 98 (Feb. 26, 1913).</subfield></datafield><datafield ind1=" " ind2=" " tag="752"><subfield code="a">United States</subfield><subfield code="b">Kansas</subfield><subfield code="c">Osage</subfield><subfield code="d">Osage City.</subfield></datafield><datafield ind1="0" ind2="4" tag="780"><subfield code="t">Osage City free press (Osage City, Kan. : 1875)</subfield><subfield code="w">(DLC)sn 85029381</subfield></datafield><datafield ind1="0" ind2="4" tag="780"><subfield code="t">Public opinion (Osage City, Kan. : 1892)</subfield><subfield code="w">(DLC)sn 85029393</subfield></datafield><datafield ind1="0" ind2="0" tag="785"><subfield code="t">Osage City free press (Osage City, Kan. : 1913)</subfield><subfield code="w">(DLC)sn 85029650</subfield></datafield></record>